
@article{big,
author = {Shelah, Saharon},
ams-subject = {(02.35)},
journal = {Israel Journal of Mathematics},
review = {MR 41-6674},
pages = {75--79},
title = {On languages with non-homogeneous strings of quantifiers},
volume = {8},
year = {1970},
}


%http://www.stanford.edu/class/cs124/lec/languagemodeling.pdf

@InProceedings{MaasNg2010,
  title={A Probabilistic Model for Semantic Word Vectors},
  author={Maas, Andrew and Ng, Andrew},
  booktitle = {NIPS*2010 Workshop on Deep Learning and Unsupervised Feature Learning},
  year = {2010}
}


@InProceedings{MnihHinton2009,
  title={A Scalable Hierarchical Distributed Language Model},
  author={Mnih, Andriy and Hinton, Geoffrey},
  booktitle = {Advances in Neural Information Processing Systems},
  volume = {21},
  pages = {1081--1088},
  year = {2009}
}

@inproceedings{MnihHinton2007,
  title={Three new graphical models for statistical language modelling},
  author={Mnih, Andriy and Hinton, Geoffrey},
  booktitle={Proceedings of the 24th International Conference on Machine Learning},
  pages={641--648},
  year={2007},
}

@inproceedings{MnihTeh2012,
  title={A fast and simple algorithm for training neural probabilistic language models},
  author={Mnih, Andriy and Teh, Yee Whye},
  booktitle={Proceedings of the 29th International Conference on Machine Learning},
  pages={1751--1758},
  year={2012},
}

@phdthesis{Mikolov2012,
  author       = {Mikolov, Tom{\'a}\v{s}}, 
  title        = {Statistical Language Models based on Neural Networks},
  school       = {Brno University of Technology},
  year         = 2012,
}

@phdthesis{Rosenfeld1994,
  author       = {Rosenfeld, Ronald}, 
  title        = {Adaptive Statistical Language Modeling: A Maximum Entropy Approach},
  school       = {Carnegie Mellon University},
  year         = 1994,
}

@inproceedings{Chen2009,
  title={Shrinking Exponential Language Models},
  author={Chen, Stanley F.},
  booktitle={Proceedings of NAACL-HLT},
  year={2009},
}

@article{Bengio2003,
 author = {Bengio, Yoshua and Ducharme, R{\'e}jean and Vincent, Pascal and Janvin, Christian},
 title = {A neural probabilistic language model},
 journal = {J. Mach. Learn. Res.},
 issue_date = {3/1/2003},
 volume = {3},
 month = mar,
 year = {2003},
 issn = {1532-4435},
 pages = {1137--1155},
 numpages = {19},
 url = {http://dl.acm.org/citation.cfm?id=944919.944966},
 acmid = {944966},
 publisher = {JMLR.org},
} 


@book{Jurafsky2009,
  added-at = {2009-05-16T06:06:41.000+0200},
  asin = {0131873210},
  author = {Jurafsky, Daniel and Martin, James H.},
  biburl = {http://www.bibsonomy.org/bibtex/2b1c3af53b44b8d35fe989e5a790b55e5/jamesh},
  dewey = {410.285},
  ean = {9780131873216},
  edition = 2,
  interhash = {5c39281b47fe3c9ed48e88b42597aafb},
  intrahash = {b1c3af53b44b8d35fe989e5a790b55e5},
  isbn = {0131873210},
  keywords = {nlp},
  publisher = {Prentice Hall},
  timestamp = {2009-05-16T06:06:41.000+0200},
  title = {Speech and Language Processing (2nd Edition) (Prentice Hall Series in Artificial Intelligence)},
  url = {http://www.amazon.com/Language-Processing-Prentice-Artificial-Intelligence/dp/0131873210%3FSubscriptionId%3D13CT5CVB80YFWJEPWS02%26tag%3Dws%26linkCode%3Dxm2%26camp%3D2025%26creative%3D165953%26creativeASIN%3D0131873210},
  year = 2008
}

@inproceedings{Collobert2008,
 author = {Collobert, Ronan and Weston, Jason},
 title = {A unified architecture for natural language processing: deep neural networks with multitask learning},
 booktitle = {Proceedings of the 25th international conference on Machine learning},
 series = {ICML '08},
 year = {2008},
 isbn = {978-1-60558-205-4},
 location = {Helsinki, Finland},
 pages = {160--167},
 numpages = {8},
 url = {http://doi.acm.org/10.1145/1390156.1390177},
 doi = {10.1145/1390156.1390177},
 acmid = {1390177},
 publisher = {ACM},
 address = {New York, NY, USA},
} 

@inproceedings{HuangEtAl2012,
author = {Eric H. Huang and Richard Socher and Christopher D. Manning and Andrew Y. Ng},
title = {{Improving Word Representations via Global Context and Multiple Word Prototypes}},
booktitle = {Annual Meeting of the Association for Computational Linguistics (ACL)},
year = 2012
}

@inproceedings{Mikolov2009,
 author = {Mikolov, Tom{\'a}\v{s} and Kopecky, Jiri and Burget, Lukas and Glembek, Ondrej and Cernocky, Jan},
 title = {Neural network based language models for highly inflective languages},
 booktitle = {Proceedings of the 2009 IEEE International Conference on Acoustics, Speech and Signal Processing},
 series = {ICASSP '09},
 year = {2009},
 isbn = {978-1-4244-2353-8},
 pages = {4725--4728},
 numpages = {4},
 url = {http://dx.doi.org/10.1109/ICASSP.2009.4960686},
 doi = {10.1109/ICASSP.2009.4960686},
 acmid = {1583150},
 publisher = {IEEE Computer Society},
 address = {Washington, DC, USA},
} 

@inproceedings{Alumae2010,
 author = {Alumae, T. and Kurimo, M.},
 title = {Efficient Estimation of Maximum Entropy Language Models with N-gram features: an SRILM extension},
 booktitle = {Proceedings of Interspeech},
 year = {2010},
 pages = {1820-1823},
 numpages = {4},
 address = {Makuhari, Japan},
} 
@inproceedings{Stolcke2002,
 author = {Stolcke, Andreas},
 title = {SRILM -- An Extensible Language Modeling Toolkit},
 booktitle = {Proceedings of Intl. Conf. on Spoken Language Processing},
 year = {2002},
 volume = {2},
 pages = {901-903},
 numpages = {4},
 address = {Denver, Colorado, USA},
} 


@MISC{Heeman1997,
    author = {Peter Heeman and Geraldine Damnati},
    title = {Deriving Phrase-based Language Models},
    year = {1997}
}

@article{Kuhn1990,
 author = {Kuhn, R. and De Mori, R.},
 title = {A Cache-Based Natural Language Model for Speech Recognition},
 journal = {IEEE Trans. Pattern Anal. Mach. Intell.},
 issue_date = {June 1990},
 volume = {12},
 number = {6},
 month = jun,
 year = {1990},
 issn = {0162-8828},
 pages = {570--583},
 numpages = {14},
 url = {http://dx.doi.org/10.1109/34.56193},
 doi = {10.1109/34.56193},
 acmid = {80973},
 publisher = {IEEE Computer Society},
 address = {Washington, DC, USA},
 keywords = {English text, Lancaster-Oslo/Bergen, Markov language models, Markov processes, cache-based natural language model, linguistic probability, natural languages, probability, speech recognition, word string},
} 


@INPROCEEDINGS{MorinBengio2005,
    author = {Frederic Morin and Yoshua Bengio},
    title = {Hierarchical probabilistic neural network language model},
    booktitle = {AISTATS’05},
    year = {2005},
    pages = {246--252},
    publisher = {}
}

@article{Goodman2001,
  author    = {Joshua Goodman},
  title     = {Classes for Fast Maximum Entropy Training},
  journal   = {CoRR},
  volume    = {cs.CL/0108006},
  year      = {2001},
  ee        = {http://arxiv.org/abs/cs.CL/0108006},
  bibsource = {DBLP, http://dblp.uni-trier.de}
}

@INPROCEEDINGS{BengioSenecal2003,
    author = {Yoshua Bengio and Jean-Sébastien Senécal},
    title = {Quick Training of Probabilistic Neural Nets by Importance Sampling},
    booktitle = {AISTATS’03},
    year = {2003}
}

@article{BengioSenecal2008,
  added-at = {2009-06-04T00:00:00.000+0200},
  author = {Bengio, Yoshua and Senecal, Jean-Sébastien},
  biburl = {http://www.bibsonomy.org/bibtex/256e4bf851b65d386ffadaeefa77294ca/dblp},
  date = {2009-06-04},
  description = {dblp},
  ee = {http://dx.doi.org/10.1109/TNN.2007.912312},
  interhash = {c5fee91b2be462ec6ab1c55a0c387903},
  intrahash = {56e4bf851b65d386ffadaeefa77294ca},
  journal = {IEEE Transactions on Neural Networks},
  keywords = {dblp},
  number = 4,
  pages = {713-722},
  timestamp = {2009-06-04T00:00:00.000+0200},
  title = {Adaptive Importance Sampling to Accelerate Training of a Neural Probabilistic Language Model.},
  url = {http://dblp.uni-trier.de/db/journals/tnn/tnn19.html#BengioS08},
  volume = 19,
  year = 2008
}

@inproceedings{Bengio2009,
  title = {Curriculum Learning},
  author = {Y. Bengio and J. Louradour and R. Collobert and J. Weston},
  booktitle = {International Conference on Machine Learning, {ICML}},
  year = {2009}
}

@Misc{Elkan2013,
  title = {Maximum Likelihood, Logistic Regression, and Stochastic Gradient Training},
  author = {Charles Elkan},
  year = {2013}
}

@article{Brown1992,
 author = {Brown, Peter F. and deSouza, Peter V. and Mercer, Robert L. and Pietra, Vincent J. Della and Lai, Jenifer C.},
 title = {Class-based n-gram models of natural language},
 journal = {Comput. Linguist.},
 issue_date = {December 1992},
 volume = {18},
 number = {4},
 month = dec,
 year = {1992},
 issn = {0891-2017},
 pages = {467--479},
 numpages = {13},
 url = {http://dl.acm.org/citation.cfm?id=176313.176316},
 acmid = {176316},
 publisher = {MIT Press},
 address = {Cambridge, MA, USA},
} 

@mastersthesis{Liang2005,
    author = {Percy Liang},
    title = {Semi-supervised learning for natural language},
    year = {2005},
    school = {MIT}
}

@Misc{Collins2011,
  author = {Michael Collins},
  title = {The Brown et al. Word Clustering Algorithm},
  year = {2011}
}

@article{Huffman1952,
  added-at = {2009-01-14T00:43:43.000+0100},
  author = {Huffman, David A.},
  biburl = {http://www.bibsonomy.org/bibtex/2585b817b85d7278b868329672ddded96/dret},
  description = {dret'd bibliography},
  interhash = {d00a180c1c2e7851560c2d51e0fd8f92},
  intrahash = {585b817b85d7278b868329672ddded96},
  journal = {Proceedings of the Institute of Radio Engineers},
  month = {September},
  number = 9,
  pages = {1098-1101},
  timestamp = {2009-01-14T00:43:43.000+0100},
  title = {A Method for the Construction of Minimum-Redundancy Codes},
  uri = {http://compression.graphicon.ru/download/articles/huff/huffman_1952_minimum-redundancy-codes.pdf},
  volume = 40,
  year = 1952
}

@book{Bishop2006,
 author = {Bishop, Christopher M.},
 title = {Pattern Recognition and Machine Learning (Information Science and Statistics)},
 year = {2006},
 isbn = {0387310738},
 publisher = {Springer-Verlag New York, Inc.},
 address = {Secaucus, NJ, USA},
} 

